@misc{ valoreducacao,
   author = "Valor Educação",
   title = "Curso Planejamento Financeiro Pessoal",
   year = "2009",
   url = "http://www.valoreducacao.com.br/home/a-empresa/38-gerais/48-planejamento-financeiro-pessoal",
   note = "[Online; accessed 24-Março-2009]"
 }

@misc{celular,
   author = "G1",
   title = "Saiba o que mudou no celular, o aparelho mais usado no Brasil",
   year = "2009",
   url = "http://g1.globo.com/Noticias/Tecnologia/0,,MUL1053098-6174,00-SAIBA+O+QUE+MUDOU+NO+CELULAR+O+APARELHO+MAIS+USADO+NO+BRASIL.html",
   note = "[Online; accessed 24-Março-2009]"
 }

@misc{iphone,
   author = "Mac",
   year = "2009",
   url = "http://mac.softpedia.com/get/iPhone-Applications/Tools-Utilities/HP-12C-iPhone.shtml",
   note = "[Online; accessed 24-Março-2009]"
 }

@article{educacaoMedio,
  title={{A RELEVÂNCIA DA MATEMÁTICA FINANCEIRA NO ENSINO MÉDIO}},
  author={Renato Kleber Azevedo},
}

@article{matFinanceira,
  title={{Matemática Financeira}},
  author={João Carlos dos Santos},
  publisher={Villipress},
  year={2001}
}


