@misc{ valoreducacao,
   author = "Valor Educação",
   title = "Curso Planejamento Financeiro Pessoal",
   year = "2009",
   url = "http://www.valoreducacao.com.br/home/a-empresa/38-gerais/48-planejamento-financeiro-pessoal",
   note = "[Online; accessed 24-Março-2009]"
 }

@misc{celular,
   author = "G1",
   title = "Saiba o que mudou no celular, o aparelho mais usado no Brasil",
   year = "2009",
   url = "http://g1.globo.com/Noticias/Tecnologia/0,,MUL1053098-6174,00-SAIBA+O+QUE+MUDOU+NO+CELULAR+O+APARELHO+MAIS+USADO+NO+BRASIL.html",
   note = "[Online; accessed 24-Março-2009]"
 }

@misc{iphone,
   author = "Mac",
   year = "2009",
   url = "http://mac.softpedia.com/get/iPhone-Applications/Tools-Utilities/HP-12C-iPhone.shtml",
   note = "[Online; accessed 24-Março-2009]"
 }

@article{educacaoMedio,
  title={{A RELEVÂNCIA DA MATEMÁTICA FINANCEIRA NO ENSINO MÉDIO}},
  author={Renato Kleber Azevedo},
}

@book{matFinanceira,
  title={{Matemática Financeira}},
  author={João Carlos dos Santos},
  publisher={Villipress},
  year={2001}
}

@misc{n800,
   author = "Nokia",
   url = "http://www.nseries.com/products/n800/#l=products,n800",
   note = "[Online; accessed 25-Março-2009]"
}

@misc{diablo,
   author = "Maemo Org",
   url = "http://maemo.org/maemo_release_documentation/maemo4.1.x/Maemo_Diablo_Reference_Manual_for_maemo_4.1.pdf",
   note = "[Online; accessed 25-Março-2009]"
}

@misc{qt4,
   author = "Maemo",
   url = "http://qt4.garage.maemo.org/",
   note = "[Online; accessed 25-Março-2009]"
}

@misc{pyqt4,
   author = "Maemo",
   url = "http://pyqt.garage.maemo.org/",
   note = "[Online; accessed 25-Março-2009]"
}

@misc{python,
   author = "python.org",
   url = "http://www.python.org/download/releases/2.5/",
   note = "[Online; accessed 25-Março-2009]"
}

@misc{mobcalc,
   author = "FarsightSoft.com",
   url = "http://mobilecalculator.org/",
   note = "[Online; accessed 25-Março-2009]"
}

@misc{s60,
   author = "Nokia",
   url = "http://www.s60.com/life",
   note = "[Online; accessed 25-Março-2009]"
}

@misc{hpiphone,
   author = "Tom Fors",
   url = "http://code.google.com/p/hpcalc-iphone/",
   note = "[Online; accessed 25-Março-2009]"
}

@misc{epxcalc,
   author = "Elvis Pfützenreuter",
   url = "http://www.epx.com.br/ctb/hp12c.php",
   note = "[Online; accessed 25-Março-2009]"
}

@misc{arachnoid,
   author = "Paul Lutus",
   url = "http://www.arachnoid.com/lutusp/finance.html",
   note = "[Online; accessed 25-Março-2009]"
}

@misc{hp12c,
   author = "HP",
   url = "http://www.hp.com/latam/br/produtos/calculadoras/12c.html",
   note = "[Online; accessed 30-Março-2009]"
}


